Date,revenue,cost-goods-sold,gross-profit,research-development-expenses,selling-general-administrative-expenses,other-operating-income-expenses,operating-expenses,operating-income,total-non-operating-income-expense,pre-tax-income,total-provision-income-taxes,income-after-taxes,income-from-continuous-operations,net-income,ebitda,ebit,basic-shares-outstanding,shares-outstanding,eps-basic-net-earnings-per-share,eps-earnings-per-share-diluted,current-ratio,gross-margin,operating-margin,ebit-margin,pre-tax-profit-margin,net-profit-margin,asset-turnover,inventory-turnover,receiveable-turnover,days-sales-in-receivables,roe,return-on-tangible-equity,roa,roi,book-value-per-share,operating-cash-flow-per-share,free-cash-flow-per-share
2023-09-30,339.83900,35.99900,303.84000,191.75500,191.93000,-0.74300,384.42800,-80.58800,-2.69100,-83.27900,-10.63700,-72.64200,-72.64200,-72.64200,-80.58800,-80.58800,58.12820,58.12820,-1.25000,-1.25000,,89.40700,-23.71360,-23.71360,-24.50540,-21.37540,,,,,,,,,,5.1128,5.1214
2023-06-30,281.03500,24.02400,257.01100,195.50900,161.97700,-1.61900,359.10500,-102.09400,18.23300,-83.86100,10.50700,-94.36800,-94.36800,-94.36800,-102.09400,-102.09400,55.82800,55.82800,-1.69000,-1.69000,8.46940,91.45160,-36.32790,-36.32790,-29.84010,-33.57870,0.08800,0.11950,0.79250,113.56170,-3.30180,-3.53680,-2.95470,-3.30180,51.07680,-5.1128,-5.1214
2023-03-31,229.75900,18.33500,211.42400,165.85500,149.17200,-0.26100,315.28800,-103.86400,27.56500,-76.17800,-47.30700,-28.87100,-28.87100,-28.87100,-103.86400,-103.86400,55.55500,55.55500,-0.52000,-0.52000,,92.01990,-45.20560,-45.20560,-33.15560,-12.56580,,,,,,,,,,0.00000,
2022-12-31,182.11500,12.78500,169.33000,147.79800,135.28700,,283.76200,-114.43200,73.19400,-41.23900,-2.62400,-38.61510,-38.61510,-38.61600,-114.43200,-114.43200,54.38100,54.38100,-0.62000,-0.62000,9.17770,92.97970,-62.83500,-62.83500,-22.64450,-21.20420,0.05810,0.05600,0.65680,137.02740,-1.37240,-1.46340,-1.23200,-1.37240,50.79250,-15.866,-15.8814
2022-09-30,146.48900,10.26400,136.22500,236.68100,108.18100,,344.86200,-208.63700,-32.38700,-241.02400,-5.98200,-235.04200,-235.04200,-235.04200,-208.63700,-208.63700,55.20370,55.20370,-4.26000,-4.26000,,92.99330,-142.42500,-142.42500,-164.53390,-160.45030,,,,,,,,,,9.0236,9.027
2022-06-30,85.18300,5.01000,80.17300,126.91900,127.79800,,254.71700,-174.54400,-42.43500,-216.97900,-8.22900,-208.75000,-208.75000,-208.75000,-174.54400,-174.54400,54.80200,54.80200,-3.81000,-3.81000,11.07080,94.11850,-204.90470,-204.90470,-254.72100,-245.06060,0.02620,0.03690,0.74770,120.37160,-7.02800,-7.45810,-6.42450,-7.02800,53.94410,-9.0236,-9.027
2022-03-31,31.48000,1.37200,30.10800,151.96800,100.86600,,252.83400,-222.72600,-7.34500,-230.07200,-2.88500,-227.18700,-227.18700,-227.18600,-222.72600,-222.72600,52.08400,52.08400,-4.36000,-4.36000,,95.64170,-707.51590,-707.51590,-730.85140,-721.68370,,,,,,,,,,0.00000,
2021-12-31,33.68400,,33.68400,167.17300,97.42200,,,-230.91110,-13.96800,-244.88200,-7.06200,-237.82000,-237.82000,-237.82100,-230.91110,-230.91110,51.07600,51.07600,-4.66000,-4.54000,8.44170,100.00000,-685.52080,-685.52080,-726.99730,-706.03490,0.01180,,0.88130,102.12230,-9.38430,-10.06630,-8.34380,-9.38430,49.04820,-11.8806,-11.9515
2021-09-30,7.10500,,7.10500,139.44000,80.62300,,,-212.95800,-17.91000,-230.86600,2.74900,-233.61500,-233.61500,-233.61400,-212.95800,-212.95800,51.46700,51.46700,-4.54000,-4.54000,,100.00000,-2997.29800,-2997.29800,-3249.34500,-3288.02300,,,,,,,,,,0,0
2021-06-30,,,,,,,,,,,,,,,,,,,,0.00000,,,,,,,,,,,,,,,,,
2021-03-31,178.56700,,178.56700,122.32800,56.25300,,,-0.01400,-29.23700,-29.24900,11.18400,-40.43300,-40.43300,-40.43300,-0.01400,-0.01400,49.94700,49.94700,-0.81000,-0.81000,,100.00000,-0.00780,-0.00780,-16.37990,-22.64300,,,,,,,,,,0.00000,
2020-03-31,25.81100,,25.81100,104.66100,27.60900,0.00000,,-106.45900,19.39400,-87.06400,1.20000,-88.26400,-88.26400,-88.26400,-106.45900,-106.45900,42.78600,42.78600,-2.06000,-2.06000,,100.00000,-412.45590,-412.45590,-337.31360,-341.96270,,,,,,,,,,0.00000,
2019-12-31,,,,,,,,,,,,,,,,,,,,0.00000,,,,,,,,,,,,,,,,0,0
2019-06-30,,,,,,,,,,,,,,,,,,,,0.00000,,,,,,,,,,,,,,,,0,0
2018-12-31,,,,,,,,,,,,,,,,,,,,0.00000,,,,,,,,,,,,,,,,0,0
2018-06-30,,,,,,,,,,,,,,,,,,,,0.00000,,,,,,,,,,,,,,,,0,0
2017-12-31,,,,,,,,,,,,,,,,,,,,0.00000,,,,,,,,,,,,,,,,0,0
2017-06-30,,,,,,,,,,,,,,,,,,,,0.00000,,,,,,,,,,,,,,,,0,0
2016-12-31,,,,,,,,,,,,,,,,,,,,0.00000,,,,,,,,,,,,,,,,0,0
