Date,revenue,cost-goods-sold,gross-profit,selling-general-administrative-expenses,operating-expenses,operating-income,pre-tax-income,total-provision-income-taxes,income-after-taxes,income-from-continuous-operations,net-income,basic-shares-outstanding,shares-outstanding,eps-basic-net-earnings-per-share,eps-earnings-per-share-diluted,debt-equity-ratio,pre-tax-profit-margin,net-profit-margin,asset-turnover,roe,return-on-tangible-equity,roa,roi,book-value-per-share,operating-cash-flow-per-share,free-cash-flow-per-share
2023-09-30,12.59700,2.83900,9.75800,4.62900,4.67500,5.08300,5.08300,1.39900,3.68400,3.68400,3.68400,10.60000,10.63000,0.35000,0.35000,0.19220,50.37160,36.50780,0.01080,1.88950,2.05120,0.39550,1.88840,17.14860,-7.1073,-7.1436
2023-06-30,11.90900,2.30200,9.60700,4.34800,4.39400,5.21300,5.21300,1.31400,3.89900,3.89900,3.89900,7.43000,7.43000,0.52000,0.52000,0.35890,53.42830,39.96110,0.01060,3.73450,4.38300,0.42340,3.73180,14.06190,7.7221,7.9954
2023-03-31,10.49500,1.48800,9.00700,4.65600,4.70200,4.30500,4.30500,1.19000,3.11500,3.11500,3.11500,7.42500,7.42500,0.42000,0.42000,0.37260,47.80680,34.59190,0.01050,3.09710,3.66110,0.36330,3.09480,13.55600,0.48580,0.47920
2022-12-31,16.48100,0.90800,15.57300,5.15000,5.19600,10.37700,3.97700,1.24700,2.73000,2.73000,2.73000,,,,0.00000,0.12280,35.16670,24.14010,0.01340,2.79490,3.32380,0.32310,2.79280,12.28180,-0.9737,-1.0363
2022-09-30,9.25100,0.81600,8.43500,4.74200,4.78800,3.64700,3.64700,1.03500,2.61200,2.61200,2.61200,7.95700,7.97900,0.33000,0.33000,,44.21140,31.66450,,,,,,,0.5636,0.5646
2022-06-30,9.18200,0.83500,8.34700,4.86700,4.91300,3.43400,3.43400,0.66900,2.76500,2.76500,2.76500,7.41100,7.43500,0.37000,0.37000,,42.27500,34.03920,,,,,,,0.1631,0.2332
2022-03-31,8.90100,0.87100,8.03000,4.49000,4.53500,3.49500,3.49500,1.07800,2.41700,2.41700,2.41700,7.42500,7.45000,0.33000,0.33000,,44.50530,30.77810,,,,,,,0.24700,0.23850
2021-12-31,,,,,,,,,,,,,,,0.00000,,,,,,,,,,0,0
2020-12-31,,,,,,,,,,,,,,,0.00000,,,,,,,,,,0,0
