Date,revenue,gross-profit,research-development-expenses,selling-general-administrative-expenses,operating-income,total-non-operating-income-expense,pre-tax-income,total-provision-income-taxes,income-after-taxes,income-from-continuous-operations,net-income,ebitda,ebit,basic-shares-outstanding,shares-outstanding,eps-basic-net-earnings-per-share,eps-earnings-per-share-diluted,current-ratio,long-term-debt-capital,debt-equity-ratio,gross-margin,operating-margin,ebit-margin,pre-tax-profit-margin,net-profit-margin,asset-turnover,roe,return-on-tangible-equity,roa,roi,book-value-per-share,operating-cash-flow-per-share,free-cash-flow-per-share
2023-06-30,,,,,,,,,,,,,,,,,0.00000,,,,,,,,,,,,,,,,
2021-12-31,0.33800,0.33800,5.78600,5.04400,-10.49200,0.74600,-9.74600,0.98200,-10.72800,-10.72800,-9.51300,-10.48500,-10.49200,39.02400,39.02400,-0.24000,-0.24000,4.95700,,0.07500,100.00000,-3104.14400,-3104.14500,-2883.43300,-2814.49700,0.00410,-51.27370,-51.27370,-13.13930,-51.27370,0.53750,-0.4336,-0.5055
2021-09-30,0.33700,0.33700,8.45900,10.22700,-18.34900,0.79400,-17.55500,2.58800,-20.14300,-20.14300,-18.37000,-18.33200,-18.34900,39.02500,39.02500,-0.47000,-0.47000,5.10150,,0.04590,100.00000,-5444.80700,-5444.80700,-5209.19900,-5451.03900,0.00340,-59.58230,-59.58230,-20.47700,-59.58230,0.86370,0.0728,0.0724
2021-06-30,0.33800,0.33800,11.33200,8.98500,-19.97900,0.08500,-19.89400,,-19.89400,-19.89400,-19.30800,-19.95900,-19.97900,39.01100,39.01100,-0.49000,-0.49000,4.81820,,0.04160,100.00000,-5910.94700,-5910.94700,-5885.79900,-5712.42600,0.00410,-37.86670,-37.86670,-24.10400,-37.86670,1.34310,-0.3642,-0.3646
2021-03-31,0.33800,0.33800,11.31100,6.44700,-17.42000,-0.02300,-17.44300,,-17.44300,-17.44300,-16.98800,-17.40300,-17.42000,39.00500,39.00500,-0.44000,-0.44000,7.47210,0.00890,0.03070,100.00000,-5153.84600,-5153.84600,-5160.65100,-5026.03600,0.00350,-24.78690,-24.78690,-17.96530,-24.56520,1.79950,-0.48560,-0.48580
2020-12-31,,,8.42400,10.37100,-18.79500,0.23900,-18.37600,,-18.37600,-18.37600,-17.59600,-18.77200,-18.61500,29.98400,29.98400,-0.51000,-0.51000,8.23770,0.02440,0.02500,,,,,,,-21.21330,-21.21330,-15.70090,-20.69560,2.21310,-0.2451,-0.2457
2020-09-30,,,8.63700,6.71000,-15.34700,0.16300,-15.18400,,-15.18400,-15.18400,-14.54000,-15.32500,-15.34700,30.30300,30.30300,-0.48000,-0.48000,2.78390,0.08420,0.09200,,,,,,,-66.23910,-66.23920,-38.54200,-60.66080,0.75120,-0.3068,-0.3074
2020-06-30,,,11.02800,2.58900,-13.61700,0.01800,-13.59900,,-13.59900,-13.59900,-12.75300,-13.60000,-13.61700,27.92100,27.92100,-0.46000,-0.46000,3.80130,0.06090,0.06480,,,,,,,-43.00490,-43.00490,-29.10560,-40.38670,1.04990,-0.5085,-0.5088
2020-03-31,,,13.70400,2.92800,-16.63200,-0.03000,-16.66200,,-16.66200,-16.66200,-16.08400,-16.61700,-16.63200,27.73200,27.73200,-0.58000,-0.58000,2.43740,0.07280,0.07850,,,,,,,-92.60780,-92.60780,-49.73140,-85.86450,0.64510,-0.39850,-0.39880
2019-12-31,,,12.58000,2.70500,-15.28500,0.22200,-15.06200,,-15.05600,-15.05600,-14.07300,-15.26900,-15.28500,24.64570,24.64570,-0.54000,-0.54000,4.06470,0.04410,0.04610,,,,,,,-48.36340,-48.36340,-33.79190,-46.23080,1.11640,-0.5524,-0.5523
2019-09-30,,,7.23000,2.47400,-9.70400,-0.12000,-9.82400,,-9.82400,-9.82400,-9.36700,-9.68400,-9.70400,25.31000,25.31000,-0.37000,-0.37000,3.61350,0.05910,0.06280,,,,,,,-44.09140,-44.09140,-28.77560,-41.48650,0.85810,-0.8344,-0.8344
2019-06-30,,,5.20200,2.14700,-7.34900,-0.27100,-7.62000,,-7.62000,-7.62000,-7.35200,-7.33100,-7.34900,23.09400,23.09400,-0.32000,-0.32000,0.10380,-0.19200,-0.16110,,,,,,,42.14140,42.14140,-126.70440,50.23400,-0.76640,-0.3477,-0.3477
2019-03-31,,,6.33000,1.63900,-7.96900,0.14300,-7.82700,0.00600,-7.83300,-7.83300,-7.29300,-7.94600,-7.96900,23.02900,23.02900,-0.32000,-0.32000,0.18270,-0.21210,-0.17500,,,,,,,45.98990,45.98990,-99.84710,55.74300,-0.73460,-0.21970,-0.21990
2018-12-31,,,12.42700,2.28300,-14.71000,-0.00100,-14.71100,,-14.71100,-14.71100,-14.11700,-14.69100,-14.71000,22.66500,22.66500,-0.62000,-0.62000,0.35700,,,,,,,,,156.80030,156.80020,-208.28260,156.80020,-0.40470,-0.3846,-0.3895
2018-09-30,,,14.12300,1.52800,-15.65100,-0.24400,-15.89500,,-15.89500,-15.89500,-14.93000,-15.64200,-15.65100,22.95200,22.95200,-0.65000,-0.65000,,,,,,,,,,,,,,,-0.3942,-0.3979
2018-06-30,,,10.99400,1.38800,-12.38200,-0.40500,-12.78700,,-12.78700,-12.78700,-12.16600,-12.37400,-12.38200,22.39700,22.39700,-0.54000,-0.54000,4.36220,,,,,,,,,-64.54820,-64.54820,-50.15690,-64.54820,0.85480,-0.5817,-0.5816
2018-03-31,,,14.07400,0.72800,-14.80200,0.72100,-14.08100,,-14.08100,-14.08100,-13.65600,-14.79000,-14.80200,22.21200,22.21200,-0.61000,-0.61000,4.01340,,,,,,,,,-77.83430,-77.83430,-58.93360,-77.83430,0.80560,-0.40240,-0.40300
2017-12-31,,,14.70400,1.83500,-16.53900,0.25000,-16.28900,,-16.28900,-16.28900,-15.49200,-16.52900,-16.53900,20.86600,20.86600,-0.45000,-0.45000,6.74960,,,,,,,,,-58.10030,-58.10030,-49.61920,-58.10030,1.24430,-0.5652,-0.5659
2017-09-30,,,15.28800,3.33400,-18.62200,1.11000,-17.51200,,-17.51200,-17.51200,-15.53400,-18.61300,-18.62200,22.84500,22.84500,-0.68000,-0.68000,14.01170,,,,,,,,,-43.24910,-43.24910,-40.19100,-43.24910,1.77240,-0.3358,-0.3379
2017-06-30,,,12.18900,2.84000,-15.02900,0.15400,-14.87500,,-14.87500,-14.87500,-13.34100,-15.02200,-15.02900,21.73300,21.73300,-0.61000,-0.61000,,,,,,,,,,,,,,,-0.183,-0.1831
2017-03-31,,,46.74700,1.04400,-47.79100,0.07900,-47.71200,,-47.71200,-47.71200,-47.39600,-47.78500,-47.79100,17.83500,17.83500,-2.66000,-2.66000,28.84200,,,,,,,,,-88.31310,-88.31300,-85.26700,-88.31300,2.48880,-0.29600,-0.29680
2016-12-31,,,,,,,,,,,,,,,,,0.00000,,,,,,,,,,,,,,,0.5306,0.5362
2016-09-30,,,2.74000,0.54300,-3.28300,0.02100,-3.26200,,-3.26200,-3.26200,-3.08700,-3.28300,-3.28300,15.95870,15.95870,-0.19000,-0.19000,,,,,,,,,,,,,,,-0.4042,-0.4098
2016-03-31,,,1.48700,0.42800,-1.91500,0.00600,-1.90900,,-1.90900,-1.90900,-1.84400,-1.91000,-1.91500,15.75000,15.75000,-0.12000,-0.12000,,,,,,,,,,,,,,,-0.12640,-0.12640
2015-12-31,,,,,,,,,,,,,,,,,0.00000,,,,,,,,,,,,,,,0,0
2014-12-31,,,,,,,,,,,,,,,,,0.00000,,,,,,,,,,,,,,,0,0
