Date,revenue,cost-goods-sold,gross-profit,selling-general-administrative-expenses,other-operating-income-expenses,operating-expenses,operating-income,total-non-operating-income-expense,pre-tax-income,total-provision-income-taxes,income-after-taxes,income-from-continuous-operations,income-from-discontinued-operations,net-income,ebitda,ebit,basic-shares-outstanding,shares-outstanding,eps-basic-net-earnings-per-share,eps-earnings-per-share-diluted,current-ratio,long-term-debt-capital,debt-equity-ratio,gross-margin,operating-margin,ebit-margin,pre-tax-profit-margin,net-profit-margin,asset-turnover,inventory-turnover,receiveable-turnover,days-sales-in-receivables,roe,return-on-tangible-equity,roa,roi,book-value-per-share,operating-cash-flow-per-share,free-cash-flow-per-share
2023-10-31,7708.00000,5377.00000,2331.00000,1512.00000,,1592.00000,739.00000,-48.00000,691.00000,172.00000,519.00000,519.00000,,519.00000,819.00000,739.00000,2038.00000,2046.00000,0.25500,0.25400,1.71030,0.40600,0.69370,30.24130,9.58740,9.58740,8.96470,6.73330,0.46950,1.30950,2.14110,42.03430,9.68280,22.01020,3.16120,5.75200,2.63050,0.27220,0.22780
2023-07-31,7838.00000,5436.00000,2402.00000,1544.00000,2.00000,1620.00000,782.00000,-52.00000,730.00000,146.00000,584.00000,584.00000,,584.00000,860.00000,782.00000,2064.00000,2072.00000,-17.63400,-17.53500,1.67190,0.42420,0.74770,30.64560,9.97700,9.97700,9.31360,7.45090,0.49010,1.39460,2.17900,41.30260,11.59420,29.01140,3.65140,6.67580,2.46580,0.4399,0.4022
2023-04-30,7140.00000,5000.00000,2140.00000,1435.00000,-127.00000,1643.00000,497.00000,-50.00000,447.00000,111.00000,336.00000,336.00000,,336.00000,578.00000,497.00000,2054.00000,2061.00000,0.16400,0.16300,1.73830,0.44850,0.82480,29.97200,6.96080,6.96080,6.26050,4.70590,0.46470,1.22280,2.11120,42.63030,7.11710,17.05580,2.18690,3.92520,2.05750,-55.478,-44.0073
2023-01-31,6825.00000,4763.00000,2062.00000,1432.00000,,1513.00000,549.00000,-54.00000,495.00000,121.00000,374.00000,374.00000,,374.00000,630.00000,549.00000,20.71000,20.78000,18.10000,18.00000,1.78430,0.45450,0.83300,30.21250,8.04400,8.04400,7.25270,5.47990,0.44850,1.14140,2.15570,41.74950,,14.21510,2.45790,4.31820,,56.1149,44.5144
2022-10-31,7931.00000,5510.00000,2421.00000,1509.00000,,1590.00000,831.00000,-39.00000,792.00000,197.00000,595.00000,595.00000,,595.00000,912.00000,831.00000,2087.00000,2098.00000,0.28500,0.28400,1.84140,0.47640,0.90980,30.52580,10.47790,10.47790,9.98610,7.50220,0.51090,1.30170,2.19760,40.95450,,19.32450,3.83250,6.08380,,0.23740,0.19210
2022-07-31,7971.00000,5536.00000,2435.00000,1544.00000,,1621.00000,814.00000,-39.00000,775.00000,193.00000,582.00000,582.00000,-2.00000,580.00000,891.00000,814.00000,2177.00000,2189.00000,-44.37700,-44.08100,1.64700,0.44090,0.84220,30.54820,10.21200,10.21200,9.72270,7.27640,0.50900,1.27760,2.20800,40.76030,12.47590,31.71660,3.71620,6.97510,2.20990,0.2125,0.1695
2022-04-30,7284.00000,5079.00000,2205.00000,1415.00000,,1493.00000,712.00000,-22.00000,690.00000,144.00000,546.00000,546.00000,,546.00000,790.00000,712.00000,2171.00000,2180.00000,0.25200,0.25000,1.55690,0.41700,0.85480,30.27180,9.77480,9.77480,9.47280,7.49590,0.47590,1.23490,2.12300,42.39290,,28.14430,3.56720,7.06890,,0.7165,3.0518
2022-01-31,,,,,,,,,,,,,,,,,,,,0.00000,,,,,,,,,,,,,,,,,,,
2021-10-31,6803.00000,4676.00000,2127.00000,1314.00000,,1388.00000,739.00000,-28.00000,711.00000,176.00000,535.00000,535.00000,25.00000,560.00000,813.00000,739.00000,22.14000,22.27000,25.30000,25.10000,1.51010,0.37290,0.59470,31.26560,10.86290,10.86290,10.45130,8.23170,0.44420,1.27760,2.21890,40.56150,,16.34090,3.49350,6.50540,,-0.40410,-2.82890
2021-07-31,,,,,,,,,,,,,,,,,,,,0.00000,,,,,,,,,,,,,,,,,,-35.1087,-27.9183
2021-04-30,5916.00000,4091.00000,1825.00000,1221.00000,,1305.00000,520.00000,-28.00000,492.00000,120.00000,372.00000,372.00000,-3.00000,369.00000,593.00000,520.00000,22.39000,22.53000,16.50000,16.40000,,,,30.84860,8.78970,8.78970,8.31640,6.23730,,,,,,,,,,35.1087,27.9183
2021-01-31,,,,,,,,,,,,,,,,,,,,0.00000,,,,,,,,,,,,,,,,,,-8.5993,-5.9397
2020-10-31,5372.00000,3780.00000,1592.00000,1074.00000,,1142.00000,450.00000,-28.00000,422.00000,106.00000,316.00000,316.00000,19.00000,335.00000,518.00000,450.00000,22.36000,22.56000,15.00000,14.90000,,,,29.63520,8.37680,8.37680,7.85550,6.23600,,,,,,,,,,8.59930,5.93970
2020-07-31,,,,,,,,,,,,,,,,,,,,0.00000,,,,,,,,,,,,,,,,,,0,0
2019-07-31,,,,,,,,,,,,,,,,,,,,0.00000,,,,,,,,,,,,,,,,,,0,0
2018-07-31,,,,,,,,,,,,,,,,,,,,0.00000,,,,,,,,,,,,,,,,,,0,0
2018-01-31,,,,,,,,,,,,,,,,,,,,0.00000,,,,,,,,,,,,,,,,,,0,0
2017-07-31,,,,,,,,,,,,,,,,,,,,0.00000,,,,,,,,,,,,,,,,,,0,0
2017-01-31,,,,,,,,,,,,,,,,,,,,0.00000,,,,,,,,,,,,,,,,,,0,0
2016-07-31,,,,,,,,,,,,,,,,,,,,0.00000,,,,,,,,,,,,,,,,,,0,0
2016-01-31,,,,,,,,,,,,,,,,,,,,0.00000,,,,,,,,,,,,,,,,,,0,0
2015-07-31,,,,,,,,,,,,,,,,,,,,0.00000,,,,,,,,,,,,,,,,,,0,0
2015-01-31,,,,,,,,,,,,,,,,,,,,0.00000,,,,,,,,,,,,,,,,,,0,0
2014-07-31,,,,,,,,,,,,,,,,,,,,0.00000,,,,,,,,,,,,,,,,,,0,0
2014-01-31,,,,,,,,,,,,,,,,,,,,0.00000,,,,,,,,,,,,,,,,,,0,0
2013-07-31,,,,,,,,,,,,,,,,,,,,0.00000,,,,,,,,,,,,,,,,,,0,0
2013-01-31,,,,,,,,,,,,,,,,,,,,0.00000,,,,,,,,,,,,,,,,,,0,0
2012-07-31,,,,,,,,,,,,,,,,,,,,0.00000,,,,,,,,,,,,,,,,,,0,0
2012-01-31,,,,,,,,,,,,,,,,,,,,0.00000,,,,,,,,,,,,,,,,,,0,0
2011-07-31,,,,,,,,,,,,,,,,,,,,0.00000,,,,,,,,,,,,,,,,,,0,0
2011-04-30,3271.00000,,3271.00000,,,,3271.00000,,3271.00000,,3271.00000,3271.00000,,3271.00000,3271.00000,3271.00000,,,,0.00000,,,,27.97310,100.00000,100.00000,100.00000,100.00000,,,,,,,,,,0,0
2011-01-31,,,,,,,,,,,,,,,,,,,,0.00000,,,,,,,,,,,,,,,,,,0,0
2010-07-31,,,,,,,,,,,,,,,,,,,,0.00000,,,,,,,,,,,,,,,,,,0,0
2010-01-31,,,,,,,,,,,,,,,,,,,,0.00000,,,,,,,,,,,,,,,,,,0,0
2009-07-31,,,,,,,,,,,,,,,,,,,,0.00000,,,,,,,,,,,,,,,,,,0,0
2009-01-31,,,,,,,,,,,,,,,,,,,,0.00000,,,,,,,,,,,,,,,,,,0,0
