Date,revenue,cost-goods-sold,gross-profit,selling-general-administrative-expenses,operating-expenses,operating-income,total-non-operating-income-expense,pre-tax-income,total-provision-income-taxes,income-after-taxes,income-from-continuous-operations,net-income,ebitda,ebit,basic-shares-outstanding,shares-outstanding,eps-basic-net-earnings-per-share,eps-earnings-per-share-diluted,current-ratio,debt-equity-ratio,gross-margin,operating-margin,ebit-margin,pre-tax-profit-margin,net-profit-margin,asset-turnover,inventory-turnover,receiveable-turnover,days-sales-in-receivables,roe,return-on-tangible-equity,roa,roi,operating-cash-flow-per-share,free-cash-flow-per-share
2023-06-30,,,,,,,,,,,,,,,,,,0.00000,,,,,,,,,,,,,,,,,
2022-12-31,,,,,,,,,,,,,,,,,,0.00000,,,,,,,,,,,,,,,,0,0
2022-06-30,,,,,,,,,,,,,,,,,,0.00000,,,,,,,,,,,,,,,,0,0
2021-12-31,,,,,,,,,,,,,,,,,,0.00000,,,,,,,,,,,,,,,,0,0
2021-06-30,,,,,,,,,,,,,,,,,,0.00000,,,,,,,,,,,,,,,,0,0
2020-12-31,,,,,,,,,,,,,,,,,,0.00000,,,,,,,,,,,,,,,,0,0
2020-06-30,,,,,,,,,,,,,,,,,,0.00000,,,,,,,,,,,,,,,,0,0
2019-12-31,,,,,,,,,,,,,,,,,,0.00000,,,,,,,,,,,,,,,,0,0
2019-06-30,,,,,,,,,,,,,,,,,,0.00000,,,,,,,,,,,,,,,,0,0
2018-12-31,,,,,,,,,,,,,,,,,,0.00000,,,,,,,,,,,,,,,,0,0
2017-12-31,,,,,,,,,,,,,,,,,,0.00000,,,,,,,,,,,,,,,,0,0
2016-12-31,,,,,,,,,,,,,,,,,,0.00000,,,,,,,,,,,,,,,,0,0
2015-12-31,,,,,,,,,,,,,,,,,,0.00000,,,,,,,,,,,,,,,,0,0
2015-06-30,,,,,,,,,,,,,,,,,,0.00000,,,,,,,,,,,,,,,,0,0
2014-12-31,,,,,,,,,,,,,,,,,,0.00000,,,,,,,,,,,,,,,,0,0
2014-06-30,,,,,,,,,,,,,,,,,,0.00000,,,,,,,,,,,,,,,,-0.3221,-0.3151
2013-12-31,44.20000,40.70000,3.50000,1.63000,1.63000,1.87000,-0.13000,1.79000,0.62000,1.17000,1.20000,1.20000,1.89000,1.87000,4.28500,4.28500,0.28000,0.28000,6.17670,0.07670,7.96380,4.23080,4.23080,4.04980,2.71490,0.42200,5.80600,0.91970,97.85970,1.36720,1.36690,1.14580,1.36710,0.999,0.9966
2013-09-30,42.96900,39.50000,3.46900,1.02000,1.02000,2.44900,0.22000,2.66000,0.51000,2.15000,2.15400,2.15400,2.46900,2.44900,4.31370,4.31370,0.48000,0.48000,3.48710,0.13320,8.05230,5.69950,5.69950,6.19050,5.01290,0.35680,1.53700,0.73350,122.69780,2.50700,2.50640,1.78840,2.50640,-1.0519,-1.0542
2013-06-30,59.24200,54.04000,5.20200,1.15000,1.15000,4.05200,-0.06000,3.98000,0.58000,3.40000,3.39400,3.39400,4.07200,4.05200,4.29350,4.29350,0.80000,0.80000,2.55950,0.08640,8.77760,6.83970,6.83970,6.71820,5.72900,0.43120,3.29510,0.74930,120.10740,4.05300,4.05210,2.47050,4.05210,3.0601,3.0602
2013-03-31,54.54400,50.80000,3.74400,1.07000,1.07000,2.67400,-0.09000,2.56000,0.84000,1.72000,1.72100,1.72100,2.68400,2.67400,4.27170,4.27170,0.40000,0.40000,3.00800,0.14970,6.85690,4.90250,4.90250,4.69350,3.15530,0.45470,4.13680,0.83970,107.18690,2.14780,2.14720,1.43480,2.14750,-2.68510,-2.68750
2012-12-31,63.42900,,63.42900,,,63.42900,,63.42900,,63.42900,3.15300,3.15300,63.44900,63.42900,4.26480,4.26480,0.72000,0.72000,3.85870,0.08210,100.00000,100.00000,100.00000,100.00000,4.97090,0.60040,,1.06570,84.45350,4.02730,4.02630,2.98470,4.02630,-0.4104,-0.4105
2012-09-30,26.04700,25.10000,0.94700,1.69000,1.69000,-0.74300,-0.00500,-0.75000,0.33000,-1.08000,-1.09000,-1.09000,-0.74300,-0.74300,4.26500,4.26500,-0.24000,-0.24000,6.97130,0.00610,3.60890,-2.85250,-2.85250,-2.87940,-4.18470,0.29700,3.75190,1.03810,86.69330,-1.45120,-1.45060,-1.24300,-1.45080,-2.8441,-2.8675
2012-06-30,42.70200,,42.70200,,,42.70200,,42.70200,,42.70200,1.23100,1.23100,42.70200,42.70200,4.26500,4.26500,0.28000,0.28000,,,100.00000,100.00000,100.00000,100.00000,2.88280,,,,,,,,,0,0
2012-03-31,34.52200,,34.52200,,,34.52200,,34.52200,,34.52200,0.91800,0.91800,34.52200,34.52200,4.26320,4.26320,0.20000,0.20000,,,100.00000,100.00000,100.00000,100.00000,2.65920,,,,,,,,,0.00000,
2011-12-31,69.01400,61.22000,7.79400,2.34000,2.34000,5.45400,-0.46000,5.03000,5.94000,-0.91000,-0.89900,-0.89900,5.50400,5.45400,3.74570,3.21050,-0.24000,-0.28000,7.57400,0.00270,11.31650,7.90270,7.90270,7.28840,-1.30260,0.81000,32.91400,3.50680,25.66440,-1.21720,-1.21670,-1.05520,-1.21680,-13.6632,-13.6359
2011-09-30,71.56500,63.67000,7.89500,1.76000,1.76000,6.13500,-0.20000,5.92000,0.68000,5.24000,5.23800,5.23800,6.75500,6.13500,4.00800,4.00800,1.32000,1.32000,1.33520,1.38760,11.01100,8.57260,8.57260,8.27220,7.31920,0.29050,4.47440,1.26910,70.91600,6.50040,7.29420,2.12640,6.49880,-5.1448,-5.3718
2011-06-30,85.58100,74.83000,10.75100,1.81000,1.81000,8.94100,-0.43000,8.49000,1.34000,7.15000,7.14300,7.14300,8.94100,8.94100,4.00800,4.00800,1.80000,1.80000,1.31490,1.43600,12.54950,10.44740,10.44740,9.92040,8.34650,0.36920,7.03290,1.30040,69.20810,9.56870,10.82600,3.08180,9.56740,0.6737,0.5589
2011-03-31,86.97600,79.67000,7.30600,1.57000,1.57000,5.73600,0.11000,5.83000,0.69000,5.14000,5.13700,5.13700,5.73600,5.73600,4.04230,4.07030,1.28000,1.28000,1.30620,1.25150,8.39310,6.59490,6.59490,6.70300,5.90620,0.43310,4.06270,1.35480,66.43210,7.72950,8.87680,2.55830,7.72830,0.00000,
2010-12-31,83.21300,,83.21300,,,83.21300,,83.21300,,83.21300,8.01600,8.01600,83.21300,83.21300,2.38580,3.45530,3.36000,2.32000,1.43730,0.80300,100.00000,100.00000,100.00000,100.00000,9.63310,0.54520,,1.48650,60.54580,13.22550,15.40060,5.25230,13.22340,2.4021,1.3718
2010-09-30,71.74700,,71.74700,,,71.74700,,71.74700,,71.74700,7.53100,7.53100,71.74700,71.74700,2.38200,2.38200,3.16000,3.16000,,,100.00000,100.00000,100.00000,100.00000,10.49660,,,,,,,,,0,0
